@online{AIA970701,
  author    = {Qi-Xin, Clinic},
  publisher = {啟新電子週報},
  url       = {https://www.ch.com.tw/index.aspx?sv=ch_epaper&chapter=AIA970701},
  year      = {2017}
}

@online{36069,
  author    = {Chen,YI-YUN},
  publisher = {Heho健康 - Health \& Hope},
  url       = {https://heho.com.tw/archives/36069},
  year      = {2019}
}

@online{R9631008,
  author    = {Yan,HAO-NIAN},
  publisher = {國立宜蘭大學生物機電工程學系碩士論文},
  url       = {https://ir.niu.edu.tw/bitstream/392340000/713/1/%E9%A1%8F%E6%B5%A9%E5%B9%B4R9631008.pdf},
  year      = {2010}
}

@online{epaper9706,
  author    = {Anonymous},
  publisher = {藝術生活學科中心電子報},
  url       = {http://artlife.hs.ntnu.edu.tw/artlife/epaper9706/index.files/page0003.htm},
  year      = {2008}
}

@article{10.1093/aje/kwm325,
  author  = {Sadetzki, Siegal and Chetrit, Angela and Jarus-Hakak, Avital and Cardis, Elisabeth and Deutch, Yonit and Duvdevani, Shay and Zultan, Ahuva and Novikov, Ilya and Freedman, Laurence and Wolf, Michael},
  doi     = {10.1093/aje/kwm325},
  eprint  = {https://academic.oup.com/aje/article-pdf/167/4/457/634208/kwm325.pdf},
  issn    = {0002-9262},
  journal = {American Journal of Epidemiology},
  month   = {12},
  number  = {4},
  pages   = {457-467},
  title   = {{Cellular Phone Use and Risk of Benign and Malignant Parotid Gland Tumors—A Nationwide Case-Control Study}},
  url     = {https://doi.org/10.1093/aje/kwm325},
  volume  = {167},
  year    = {2007}
}

@online{16094,
  author    = {Özdemir Feyyaz and Kargi Aysegül},
  publisher = {intechopen},
  url       = {https://www.intechopen.com/chapters/16094},
  year      = {2011}
}

@online{20210822,
  author    = {LIN,QING-SHUN},
  publisher = {professorlin},
  url       = {https://professorlin.com/2021/08/22/%e9%9b%bb%e7%a3%81%e6%b3%a2%e5%a5%bd%e5%8f%af%e6%80%95%ef%bc%9f%e5%9f%ba%e5%9c%b0%e5%8f%b0%e6%96%b7%e8%a8%8a%ef%bc%8c%e5%8e%9f%e5%a7%8b%e4%ba%ba%e9%a2%a8%e6%b3%a2/},
  year      = {2021}
}

@online{Einstein,
  author    = {Albert Einstein},
  publisher = {Annalen der Physik},
  url       = {https://www.zbp.univie.ac.at/dokumente/einstein3.pdf},
  year      = {1905}
}

@online{mp109151,
  author    = {WU,HONG-BO},
  publisher = {tpech.gov.taipei},
  url       = {https://tpech.gov.taipei/mp109151/News_Content.aspx?n=0496F430C1411365&s=7F93FDC3BB396BCE},
  year      = {2017}
}

@online{iarc,
  author    = {IARC},
  publisher = {WHO},
  url       = {https://monographs.iarc.who.int/list-of-classifications},
  year      = {2013}
}

@online{nhri,
  author    = {HE,JIA-QI},
  publisher = {National Health Research Institutes},
  url       = {http://nehrc.nhri.org.tw/toxic/ref/%E9%9B%BB%E7%A3%81%E6%B3%A2%E5%81%A5%E5%BA%B7%E6%95%88%E6%87%89%E4%B9%8B%E8%A9%95%E4%BC%B0%E5%A0%B1%E5%91%8A.pdf},
  year      = {2013}
}
