@online{2091301,
  author    = {劉宜庭},
  publisher = {ETtoday新聞雲},
  url       = {https://star.ettoday.net/news/2091301},
  year      = {2021}
}

@online{2091700,
  author    = {田暐瑋},
  publisher = {ETtoday新聞雲},
  url       = {https://star.ettoday.net/news/2091700},
  year      = {2021}
}

@online{eFs8bNzDAHg7200s,
  author    = {邱威傑},
  publisher = {YouTube},
  url       = {https://www.youtube.com/watch?v=eFs8bNzDAHg&t=7200s},
  year      = {2021}
}

@online{2778844612438695,
  author    = {龍龍的沒梗人生},
  publisher = {Facebook},
  url       = {https://www.facebook.com/lunglungtragiclife/posts/2778844612438695/},
  year      = {2020}
}

@online{10158175426336462,
  author    = {comedy club 卡米地},
  publisher = {Facebook},
  url       = {https://www.facebook.com/ComedyClubTaipei/posts/10158175426336462/},
  year      = {2020}
}

@online{froggyroast,
  author    = {comedy club 卡米地},
  publisher = {kktix},
  url       = {https://comedyclub.kktix.cc/events/froggyroast},
  year      = {2020}
}

@online{eFs8bNzDAHg7227s,
  author    = {邱威傑},
  publisher = {YouTube},
  url       = {https://youtu.be/eFs8bNzDAHg?t=7227},
  year      = {2021}
}