@online{AIA970701,
  author    = {Qi-Xin, Clinic},
  publisher = {啟新電子週報},
  url       = {https://www.ch.com.tw/index.aspx?sv=ch_epaper&chapter=AIA970701},
  year      = {2017}
}

@online{36069,
  author    = {Chen,YI-YUN},
  publisher = {Heho健康 - Health \& Hope},
  url       = {https://heho.com.tw/archives/36069},
  year      = {2019}
}

@online{R9631008,
  author    = {Yan,HAO-NIAN},
  publisher = {國立宜蘭大學生物機電工程學系碩士論文},
  url       = {https://ir.niu.edu.tw/bitstream/392340000/713/1/%E9%A1%8F%E6%B5%A9%E5%B9%B4R9631008.pdf},
  year      = {2010}
}

@online{epaper9706,
  author    = {Anonymous},
  publisher = {藝術生活學科中心電子報},
  url       = {http://artlife.hs.ntnu.edu.tw/artlife/epaper9706/index.files/page0003.htm},
  year      = {2008}
}

@article{10.1093/aje/kwm325,
  author  = {Sadetzki, Siegal and Chetrit, Angela and Jarus-Hakak, Avital and Cardis, Elisabeth and Deutch, Yonit and Duvdevani, Shay and Zultan, Ahuva and Novikov, Ilya and Freedman, Laurence and Wolf, Michael},
  doi     = {10.1093/aje/kwm325},
  eprint  = {https://academic.oup.com/aje/article-pdf/167/4/457/634208/kwm325.pdf},
  issn    = {0002-9262},
  journal = {American Journal of Epidemiology},
  month   = {12},
  number  = {4},
  pages   = {457-467},
  title   = {{Cellular Phone Use and Risk of Benign and Malignant Parotid Gland Tumors—A Nationwide Case-Control Study}},
  url     = {https://doi.org/10.1093/aje/kwm325},
  volume  = {167},
  year    = {2007}
}

@online{16094,
  author    = {Özdemir Feyyaz and Kargi Aysegül},
  publisher = {intechopen},
  url       = {https://www.intechopen.com/chapters/16094},
  year      = {2011}
}
