@online{202009150112,
  author    = {Chen, Yi-Wei},
  publisher = {Central News Agency},
  url       = {https://www.cna.com.tw/news/firstnews/202009150112.aspx},
  year      = {2020}
}

@online{202008140064,
  author    = {Zeng,Yi-Xuan},
  publisher = {Central News Agency},
  url       = {https://www.cna.com.tw/news/firstnews/202008140064.aspx},
  year      = {2020}
}

@online{20211119,
  author    = {Carl Zimmer, Benjamin Mueller, Bai-Liang Chu},
  publisher = {The New York Times},
  url       = {https://www.cna.com.tw/news/firstnews/202008140064.aspx},
  year      = {2021}
}

@misc{yan_li_meng_2020_4028830,
  author    = {Yan, Li-Meng and
               Kang, Shu and
               Hu, Shanchang},
  doi       = {10.5281/zenodo.4028830},
  month     = sep,
  publisher = {Zenodo},
  title     = {{Unusual Features of the SARS-CoV-2 Genome 
               Suggesting Sophisticated Laboratory Modification
               Rather Than Natural Evolution and Delineation of
               Its Probable Synthetic Route}},
  url       = {https://doi.org/10.5281/zenodo.4028830},
  year      = 2020
}

@online{202111190104,
  author    = {Chen, Yi-Wei},
  publisher = {Central News Agency},
  url       = {https://www.cna.com.tw/news/firstnews/202111190104.aspx},
  year      = {2021}
}

@online{52133480,
  author    = {Lin, Zu-Wei},
  publisher = {BBC},
  url       = {https://www.bbc.com/zhongwen/trad/science-52133480.amp},
  year      = {2020}
}

@misc{s41586-020-2012-7,
  author    = {Zhou, Peng and
               Yang, Xing-Lou and
               Wang, Xian-Guang and 
               Hu, Ben and 
               Zhang, Lei and 
               Zhang, Wei },
  doi       = {10.1038/s41586-020-2012-7},
  month     = February,
  publisher = {Nature},
  title     = {A pneumonia outbreak associated with a new coronavirus of probable bat origin},
  url       = {https://doi.org/10.1038/s41586-020-2012-7},
  year      = 2020
}

@online{57861634,
  author    = {BBC},
  publisher = {BBC NEWS Chinese},
  url       = {https://www.bbc.com/zhongwen/trad/science-57861634},
  year      = {2021}
}

@online{who,
  author    = {Headquarters WHO},
  publisher = {WHO},
  url       = {https://www.who.int/publications/i/item/who-convened-global-study-of-origins-of-sars-cov-2-china-part},
  year      = {2021}
}

@online{24227,
  author    = {Chien-jen Chen},
  publisher = {Presidential News},
  url       = {https://www.president.gov.tw/News/24227},
  year      = {2019}
}

@online{3535570,
  author    = {Liberty Times Net},
  publisher = {Liberty Times Net},
  url       = {https://ec.ltn.com.tw/article/breakingnews/3535570},
  year      = {2021}
}

@online{202106280087,
  author    = {Yu Wei},
  publisher = {Central News Agency},
  url       = {https://www.cna.com.tw/news/aopl/202106280087.aspx},
  year      = {2021}
}

@online{5829288,
  author    = {Xiu, Rui-Ying},
  publisher = {UDN},
  url       = {https://udn.com/news/story/120940/5829288},
  year      = {2021}
}